<record><leader>00000cas a22000007a 4500</leader><controlfield tag="001">37172701</controlfield><controlfield tag="008">970621d19821983inuwr ne      0    0eng d</controlfield><datafield ind1=" " ind2=" " tag="010"><subfield code="a">sn 97068713 </subfield></datafield><datafield ind1=" " ind2=" " tag="040"><subfield code="a">NPI</subfield><subfield code="b">eng</subfield><subfield code="c">NPI</subfield><subfield code="d">OCLCQ</subfield><subfield code="d">CSF</subfield><subfield code="d">OCLCO</subfield><subfield code="d">OCLCF</subfield></datafield><datafield ind1=" " ind2=" " tag="042"><subfield code="a">msc</subfield></datafield><datafield ind1="0" ind2=" " tag="130"><subfield code="a">Journal (Terre Haute, Ind.)</subfield></datafield><datafield ind1="1" ind2="0" tag="245"><subfield code="a">Journal.</subfield></datafield><datafield ind1=" " ind2=" " tag="260"><subfield code="a">Terre Haute, Ind. :</subfield><subfield code="b">Journal,</subfield><subfield code="c">1982-1983.</subfield></datafield><datafield ind1=" " ind2=" " tag="300"><subfield code="a">1 v. :</subfield><subfield code="b">ill.</subfield></datafield><datafield ind1=" " ind2=" " tag="310"><subfield code="a">Weekly</subfield></datafield><datafield ind1="0" ind2=" " tag="362"><subfield code="a">Vol. 1, no. 19 (July 27, 1982)-v. 1, no. 45 (Jan. 25, 1983).</subfield></datafield><datafield ind1=" " ind2="0" tag="650"><subfield code="a">Business</subfield><subfield code="x">Periodicals.</subfield></datafield><datafield ind1=" " ind2="0" tag="650"><subfield code="a">Banks and banking, International</subfield><subfield code="x">Periodicals.</subfield></datafield><datafield ind1=" " ind2="0" tag="650"><subfield code="a">International finance</subfield><subfield code="x">Periodicals.</subfield></datafield><datafield ind1=" " ind2="7" tag="655"><subfield code="a">Periodicals.</subfield><subfield code="2">fast</subfield><subfield code="0">(OCoLC)fst01411641</subfield></datafield><datafield ind1=" " ind2="7" tag="650"><subfield code="a">Banks and banking, International.</subfield><subfield code="2">fast</subfield><subfield code="0">(OCoLC)fst00827100</subfield></datafield><datafield ind1=" " ind2="7" tag="650"><subfield code="a">Business.</subfield><subfield code="2">fast</subfield><subfield code="0">(OCoLC)fst00842262</subfield></datafield><datafield ind1=" " ind2="7" tag="650"><subfield code="a">International finance.</subfield><subfield code="2">fast</subfield><subfield code="0">(OCoLC)fst00976945</subfield></datafield><datafield ind1=" " ind2=" " tag="752"><subfield code="a">United States</subfield><subfield code="b">Indiana</subfield><subfield code="c">Vigo</subfield><subfield code="d">Terre Haute.</subfield></datafield><datafield ind1="0" ind2="0" tag="780"><subfield code="t">North side journal (Terre Haute, Ind.)</subfield><subfield code="w">(DLC)sn 87055711</subfield></datafield><datafield ind1="0" ind2="0" tag="785"><subfield code="t">Macksville gazette (Terre Huate, Ind. : North County ed.)</subfield><subfield code="w">(DLC)sn 84007600</subfield></datafield></record>